<?xml version="1.0" encoding="UTF-8"?><collection xmlns="http://www.loc.gov/MARC21/slim"><record><leader>00304nam--2200121-i-4500</leader><controlfield tag="001">000050177</controlfield><controlfield tag="002">20161230</controlfield><controlfield tag="005">20161230201048</controlfield><controlfield tag="008">060222s1000------------r-----000-0-eng-d</controlfield><datafield ind1=" " ind2=" " tag="245"><subfield code="a">Voprosy teorii matematicheskihmashin</subfield></datafield><datafield ind1=" " ind2=" " tag="260"><subfield code="a">Moskva, Fizmatgiz, 1962. 239 S</subfield></datafield><datafield ind1=" " ind2=" " tag="700"><subfield code="a">Bazilevskii,Iu.Ia</subfield></datafield><datafield ind1=" " ind2=" " tag="852"><subfield code="a">8342</subfield></datafield></record></collection>